<record><leader>00000cas a2200000 a 4500</leader><controlfield tag="001">70845835</controlfield><controlfield tag="008">060807c19639999iludn ne     s0   a0eng c</controlfield><datafield ind1=" " ind2=" " tag="010"><subfield code="a">  2014271503</subfield></datafield><datafield ind1=" " ind2=" " tag="040"><subfield code="a">SOI</subfield><subfield code="b">eng</subfield><subfield code="c">SOI</subfield><subfield code="d">OCLCF</subfield><subfield code="d">NVF</subfield><subfield code="d">OCLCO</subfield><subfield code="d">OCL</subfield><subfield code="d">OCLCQ</subfield></datafield><datafield ind1=" " ind2=" " tag="043"><subfield code="a">n-us-il</subfield></datafield><datafield ind1="0" ind2=" " tag="130"><subfield code="a">Daily Egyptian (Carbondale, Ill.)</subfield></datafield><datafield ind1="1" ind2="4" tag="245"><subfield code="a">The daily Egyptian.</subfield></datafield><datafield ind1=" " ind2=" " tag="260"><subfield code="a">Carbondale, Ill. :</subfield><subfield code="b">[Southern Illinois University],</subfield><subfield code="c">1963-</subfield></datafield><datafield ind1=" " ind2=" " tag="300"><subfield code="a">volumes :</subfield><subfield code="b">illustrations</subfield></datafield><datafield ind1=" " ind2=" " tag="310"><subfield code="a">Daily (except Saturdays and Sundays and intersessions)</subfield></datafield><datafield ind1=" " ind2=" " tag="336"><subfield code="a">text</subfield><subfield code="b">txt</subfield><subfield code="2">rdacontent</subfield></datafield><datafield ind1=" " ind2=" " tag="337"><subfield code="a">unmediated</subfield><subfield code="b">n</subfield><subfield code="2">rdamedia</subfield></datafield><datafield ind1=" " ind2=" " tag="338"><subfield code="a">volume</subfield><subfield code="b">nc</subfield><subfield code="2">rdacarrier</subfield></datafield><datafield ind1="0" ind2=" " tag="362"><subfield code="a">Vol. 44, no. 65 (Mar. 28, 1963)-</subfield></datafield><datafield ind1="2" ind2="0" tag="610"><subfield code="a">Southern Illinois University Carbondale</subfield><subfield code="v">Newspapers.</subfield></datafield><datafield ind1=" " ind2="0" tag="650"><subfield code="a">Universities and colleges</subfield><subfield code="z">Illinois</subfield><subfield code="z">Carbondale</subfield><subfield code="v">Newspapers.</subfield></datafield><datafield ind1=" " ind2="0" tag="650"><subfield code="a">College students</subfield><subfield code="z">Illinois</subfield><subfield code="z">Carbondale</subfield><subfield code="v">Newspapers.</subfield></datafield><datafield ind1=" " ind2="0" tag="650"><subfield code="a">College student newspapers and periodicals</subfield><subfield code="z">Illinois</subfield><subfield code="z">Carbondale.</subfield></datafield><datafield ind1="2" ind2="7" tag="610"><subfield code="a">Southern Illinois University Carbondale.</subfield><subfield code="2">fast</subfield><subfield code="0">(OCoLC)fst00764552</subfield></datafield><datafield ind1=" " ind2="7" tag="650"><subfield code="a">College students</subfield><subfield code="2">fast</subfield><subfield code="0">(OCoLC)fst00867976</subfield></datafield><datafield ind1=" " ind2="7" tag="650"><subfield code="a">College student newspapers and periodicals.</subfield><subfield code="2">fast</subfield><subfield code="0">(OCoLC)fst00867966</subfield></datafield><datafield ind1=" " ind2="7" tag="650"><subfield code="a">Universities and colleges.</subfield><subfield code="2">fast</subfield><subfield code="0">(OCoLC)fst01161597</subfield></datafield><datafield ind1=" " ind2="7" tag="651"><subfield code="a">Illinois</subfield><subfield code="z">Carbondale.</subfield><subfield code="2">fast</subfield><subfield code="0">(OCoLC)fst01206446</subfield></datafield><datafield ind1=" " ind2="7" tag="655"><subfield code="a">Newspapers.</subfield><subfield code="2">fast</subfield><subfield code="0">(OCoLC)fst01423814</subfield></datafield><datafield ind1="2" ind2=" " tag="710"><subfield code="a">Southern Illinois University Carbondale.</subfield></datafield><datafield ind1="0" ind2="0" tag="780"><subfield code="a">Egyptian (Carbondale, Ill.)</subfield><subfield code="w">(DLC)  2009271101</subfield><subfield code="w">(OCoLC)70845781</subfield></datafield></record>